@book{knuth,
	author =	"Donald E. Knuth",
	title =		"The Art of Computer Programming; Vol. 1: Fundamental Algorithms",
	address =	"Reading, Massachusetts",
	publisher =	"Addison-Wesley",
	year =		"1973"
}
@book{standish,
	author =	"Thomas A. Standish",
	title =		"Data Structure Techniques",
	address =	"Reading, Massachusetts",
	publisher = 	"Addison-Wesley",
	year =		"1980"
}
@book{wirth,
	author =	"Niklaus Wirth",
	title =		"Algorithms + Data Structures = Programs",
	address =	"Englewood Cliffs, New Jersey",
	publisher = 	"Prentice-Hall",
	year =		"1976"
}
@book{backus,
	author =	"John Backus",
	title =		"The Acoustical Foundations of Music",
	address =	"New York ",
	publisher = 	"W.~W.~Norton",
	year =		"1977"
}
@book{kernighan,
	author =	"Brian W. Kergnighan and Dennis M. Ritchie",
	title =		"The C Programming Language",
	address =	"Englewood Cliffs, New Jersey",
	publisher = 	"Prentice-Hall",
	year =		"1978"
}
@book{kochan,
	author =	"Stephen G. Kochan",
	title =		"Programming in C",
	address =	"Rochelle Park, New Jersey",
	publisher = 	"Hayden Book Company",
	year =		"1983"
}
@book{moore,
	author =	"F.~Richard Moore",
	title =		"Programming in C with a Bit of Unix",
	address =	"Englewood Cliffs, New Jersey",
	publisher = 	"Prentice-Hall",
	year =		"1985"
}
