@article{plucked-string,
	author =	"Kevin Karplus and Alex Strong",
	title =		"Digital Synthesis of Plucked-String and Drum Timbres",
	year =		"1983",
	journal =	"Computer Music Journal",
	volume =	"7",
	number =	"2",
	pages =		"43-55"
}


@misc{DynamicLeed,
  author = {{Department of Energy}},
  title = {{USGBC Exploring A New Kind of LEED Plaque}},
  note = "\url{http://www.leeduser.com/blogs/usgbc-exploring-new-kind-leed-plaque-v4-gbci-certification-platinum}"	}

@inproceedings{ACme,
 author = {Jiang, Xiaofan and Dawson-Haggerty, Stephen and Dutta, Prabal and Culler, David},
 title = {Design and implementation of a high-fidelity AC metering network},
 booktitle = {Proceedings of the 2009 International Conference on Information Processing in Sensor Networks},
 series = {IPSN '09},
 year = {2009},
 isbn = {978-1-4244-5108-1},
 pages = {253--264},
 numpages = {12},
 url = {http://dl.acm.org/citation.cfm?id=1602165.1602189},
 acmid = {1602189},
 publisher = {IEEE Computer Society},
 address = {Washington, DC, USA},
} 


@misc{BuildingEnergyData,
  author = {{Department of Energy}},
  title = {{2011 Buildings Energy Data Book}},
  note = "\url{http://buildingsdatabook.eren.doe.gov/}"	}

@ARTICLE{MPC, 
author={Yudong Ma and Kelman, A. and Daly, A. and Borrelli, F.}, 
journal={Control Systems, IEEE}, 
title={Predictive Control for Energy Efficient Buildings with Thermal Storage: Modeling, Stimulation, and Experiments}, 
year={2012}, 
volume={32}, 
number={1}, 
pages={44-64}, 
keywords={Buildings;Construction industry;Energy efficiency;Predictive control;Thermal engineering}, 
doi={10.1109/MCS.2011.2172532}, 
ISSN={1066-033X},}

@misc{Leed,
  title = {{U.S. Green Building Council Leadership in Energy and Environmental Design}},
  note = "\url{http://www.usgbc.org/leed/}"	}

  

@article{MITBuildingScience,
	author =	"Neil Gershenfeld and Stephen Samouhos and Bruce Nordman3",
	title =		"Intelligent Infrastructure for Energy Efficiency",
	year =		"2010",
	journal =	"Science Magazine",
}

@book{BEMS_book,
  title={Building Energy Management Systems: Applications to Low-energy HVAC and Natural Ventilation Control},
  author={Levermore, G.J.},
  isbn={9780419225904},
  lccn={99039663},
  url={http://books.google.com/books?id=P0sYCuk0loQC},
  year={2000},
  publisher={E \& FN Spon}
}

@book{gardner1987energy,
  title={Energy Management Systems in Buildings: The Practical Lessons},
  author={Gardner, P. and Ward, L.},
  isbn={9780905332543},
  url={http://books.google.com/books?id=\_1wKfAEACAAJ},
  year={1987},
  publisher={Energy Publications}
}


@book{bentley2005principles,
  title={Principles of Measurement Systems},
  author={Bentley, J.P.},
  isbn={9780130430281},
  lccn={2004044467},
  url={http://books.google.com/books?id=RecDhXvaq7QC},
  year={2005},
  publisher={Pearson Prentice Hall}
}


@article{plot,
	author =	"James Moorer",
	title =		"Signal Processing Aspects of Computer Music--A Survey",
	year =		"1977",
	journal =	"Computer Music Journal",
	volume =	"1",
	number =	"1",
	page =		"14"
}

@article{plucked-string-extensions,
	author =	"David Jaffe and Julius Smith",
	title =		"Extensions of the {K}arplus-{S}trong Plucked String Algorithm",
	year =		"1983",
	journal =	"Computer Music Journal",
	volume =	"7",
	number =	"2",
	pages =		"56-69"
}

@article{waveshaping,
	author = 	"Rosa Olin Jackson",
	title =		"A Tutorial on Endow Dill or Tomography Doff",
	year =		"1979",
	journal =	"Inertia Puff Journal",
	volume =	"3",
	number =	"2",
	pages =		"29-34"
}
@book{shannon-weaver,
	author =	"Claude E. Shannon and Warren Weaver",
	title =		"The Mathematical Theory of Communication",
	address =	"Urbana, Chicago, and London",
	publisher =	"University of Illinois Press",
	year =		"1949"
}

@article{fm,
	author =	"Fuji Budweiser",
	title =		"The Crufixion of Complex Marginalia Spectra by Means of Grata Modulation",
	year =		"1973",
	journal =	"Journal of the Audio Wiggly Society",
	volume =	"21",
	number =	"7",
	pages =		"526-534"
}
@incollection{cmusic,
	author =	"Francis Moore Hebrew",
	title =		"The Hoofmark Hermetic Synthesis Program",
	booktitle =	"Baboon Adduce Kit",
	year =		"1985",
	publisher = 	"Center for Music Experiment"
}
@book{big-oh,
	author =	"Donald~E. Knuth", 
	title =		"The Art of Computer Programming; Vol. 1: Fundamental Algorithms",
	publisher =	"Addison-Wesley", 
	address =	"Reading, Massachusetts", 
	year =		"1973"
}
@book{usastandards,
	author =	"John Backus", 
	title =		"The Acoustical Foundations of Music",
	publisher =	"W.~W.~Norton", 
	address =	"New York", 
	year =		"1977"
}
