@MISC{intman,
title = {An Internet for Manufactoring},
month = January,
year = {2013},
Howpublished = {\url{http://www.technologyreview.com/news/509331/an-internet-for-manufacturing/}}
}

@inproceedings{GGB,
 author = {Kim, Sukun and Pakzad, Shamim and Culler, David and Demmel, James and Fenves, Gregory and Glaser, Steven and Turon, Martin},
 title = {Health monitoring of civil infrastructures using wireless sensor networks},
 booktitle = {Proceedings of the 6th international conference on Information processing in sensor networks},
 series = {IPSN '07},
 year = {2007},
 isbn = {978-1-59593-638-7},
 location = {Cambridge, Massachusetts, USA},
 pages = {254--263},
 numpages = {10},
 url = {http://doi.acm.org/10.1145/1236360.1236395},
 doi = {10.1145/1236360.1236395},
 acmid = {1236395},
 publisher = {ACM},
 address = {New York, NY, USA},
 keywords = {deployment, large-scale, structural health monitoring, wireless sensor networks},
} 


@book{meta_climate,
  key="Scientific Metadata Management",
  title="Metadata and Provenance Management, Ewa Deelman, G. Bruce Berriman, Ann Chervenak, Oscar Corcho, Paul Groth, Luc Moreau, Chapter 12: Scientific Data Management: Challenges, Technology, and Deployment",
  publisher="Chapman and Hall/CRC, Taylor and Francis Group",
  year=2010,
}

@article{waste_science,
	author    = {Neil Gershenfeld and Stephen Samouhos and Bruce Nordman},
	title     = {Intelligent Infrastructure for Energy Efficiency},
	journal   = {Science},
	volume    = {327},
	number    = {5969},
	year      = {2010},
	pages     = {3},
	ee        = {http://www.sciencemag.org/cgi/content/summary/327/5969/1086},
}

@article{REST_dissert,
	author    = {Neil Gershenfeld and Stephen Samouhos and Bruce Nordman},
	title     = {Intelligent Infrastructure for Energy Efficiency},
	journal   = {Science},
	volume    = {327},
	number    = {5969},
	year      = {2010},
	pages     = {3},
	ee        = {http://www.sciencemag.org/cgi/content/summary/327/5969/1086},
}

@MISC{acme,
    author = {Xiaofan Jiang and Minh Van Ly and Jay Taneja and Prabal Dutta and David Culler},
    title = {Experiences with a High-Fidelity Wireless Building Energy Auditing Network},
    year = {}
}

@MISC{Kindberg00aweb,
    author = {Tim Kindberg and John Barton},
    title = {A Web-Based Nomadic Computing System},
    year = {2000}
}

@article{taxonomy,
 author = {Nordman, Bruce Nordman and Sanchez, Marla},
 title = {Electronics Come of Age: A Taxonomy for Miscellaneous and Low Power
Products},
 journal = {ACEEE Summer Study on Energy Efficiency in Buildings}
} 

@article{activebadge1992,
 author = {Want, Roy and Hopper, Andy and Falc\~{a}o, Veronica and Gibbons, Jonathan},
 title = {The active badge location system},
 journal = {ACM Trans. Inf. Syst.},
 volume = {10},
 issue = {1},
 month = {January},
 year = {1992},
 issn = {1046-8188},
 pages = {91--102},
 numpages = {12},
 url = {http://doi.acm.org/10.1145/128756.128759},
 doi = {http://doi.acm.org/10.1145/128756.128759},
 acmid = {128759},
 publisher = {ACM},
 address = {New York, NY, USA},
 keywords = {PBX, active badges, location systems, privacy issues, tagging systems},
} 

@inproceedings{hbci,
 author = {Hsu, Jeff and Mohan, Prashanth and Jiang, Xiaofan and Ortiz, Jorge and Shankar, Sushant and Dawson-Haggerty, Stephen and Culler, David},
 title = {HBCI: human-building-computer interaction},
 booktitle = {Proceedings of the 2nd ACM Workshop on Embedded Sensing Systems for Energy-Efficiency in Building},
 series = {BuildSys '10},
 year = {2010},
 isbn = {978-1-4503-0458-0},
 location = {Zurich, Switzerland},
 pages = {55--60},
 numpages = {6},
 url = {http://doi.acm.org/10.1145/1878431.1878444},
 doi = {http://doi.acm.org/10.1145/1878431.1878444},
 acmid = {1878444},
 publisher = {ACM},
 address = {New York, NY, USA},
 keywords = {building monitoring, energy, sensor networks},
} 

@phdthesis{cricket,
 author = {Priyantha, Nissanka Bodhi},
 advisor = {Balakrishnan, Hari},
 title = {The cricket indoor location system},
 year = {2005},
 note = {AAI0808861},
 publisher = {Massachusetts Institute of Technology},
 address = {Cambridge, MA, USA},
} 

@inproceedings{livinglab,
 author = {Krioukov, Andrew and Dawson-Haggerty, Stephen Lee, Linda and Rehmane, Omar and Culler, David},
 title = {A Living Laboratory Study in Personalized Automated Lighting Controls},
 booktitle = {Proceedings of the 3rd ACM Workshop on Embedded Sensing Systems for Energy-Efficiency in Building},
 series = {BuildSys '11},
 year = {2011},
 location = {Seattle, Washington, USA},
 numpages = {6},
 publisher = {ACM},
 address = {New York, NY, USA},
 keywords = {building monitoring, energy, sensor networks},
} 

@inproceedings{lbnlmels,
 author = {Lanzisera, Steven M. and Dawson-Haggerty, Stephen and Jiang, Xiaofan and Cheung, Hoi Ying and Teneja, Jay and Lai, Judy and Ortiz, Jorge and Culler, David, and Brown, Richard},
 title = {Wireless Electricity Metering of Miscellaneous and Electronic Devices in Buildings},
 booktitle = {2011 Future of Instrumentation International Workshop},
 year = {2011},
 location = {Oak Ridge, Tennessee, USA}
} 

@INPROCEEDINGS{ semanticmodel,
AUTHOR = "Jean-Luc Hainaut and Baudouin Le Charlier",
TITLE = "An Extensible Semantic Model of Data Base and Its Data language.",
booktitle = "IFIP Congress'74",
PAGES = {1026-1030},
YEAR = {1974}  }

@inproceedings{semanticrelational,
 author = {Schmid, Hans Albrecht and Swenson, J. Richard},
 title = {On the semantics of the relational data model},
 booktitle = {Proceedings of the 1975 ACM SIGMOD international conference on Management of data},
 series = {SIGMOD '75},
 year = {1975},
 location = {San Jose, California},
 pages = {211--223},
 numpages = {13},
 url = {http://doi.acm.org/10.1145/500080.500110},
 doi = {http://doi.acm.org/10.1145/500080.500110},
 acmid = {500110},
 publisher = {ACM},
 address = {New York, NY, USA},
 keywords = {data base design, data structures, relational data base management systems, users view of data},
} 


@ARTICLE{Chen76theentity-relationship,
    author = {Peter Pin-shan Chen},
    title = {The Entity-Relationship Model: Toward a Unified View of Data},
    journal = {ACM Transactions on Database Systems},
    year = {1976},
    volume = {1},
    pages = {9--36}
}


@inproceedings{Caswell:2000,
 author = {Caswell, Deborah and Debaty, Philippe},
 title = {Creating Web Representations for Places},
 booktitle = {Proceedings of the 2nd international symposium on Handheld and Ubiquitous Computing},
 series = {HUC '00},
 year = {2000},
 isbn = {3-540-41093-7},
 location = {Bristol, UK},
 pages = {114--126},
 numpages = {13},
 url = {http://dl.acm.org/citation.cfm?id=647986.741316},
 acmid = {741316},
 publisher = {Springer-Verlag},
 address = {London, UK},
} 

@inproceedings{smap,
 author = {Dawson-Haggerty, Stephen and Jiang, Xiaofan and Tolle, Gilman and Ortiz, Jorge and Culler, David},
 title = {sMAP: a simple measurement and actuation profile for physical information},
 booktitle = {Proceedings of the 8th ACM Conference on Embedded Networked Sensor Systems},
 series = {SenSys '10},
 year = {2010},
 isbn = {978-1-4503-0344-6},
 location = {Z\ürich, Switzerland},
 pages = {197--210},
 numpages = {14},
 url = {http://doi.acm.org/10.1145/1869983.1870003},
 doi = {http://doi.acm.org/10.1145/1869983.1870003},
 acmid = {1870003},
 publisher = {ACM},
 address = {New York, NY, USA},
 keywords = {instrumentation, sensor data},
} 

@INPROCEEDINGS{hotemnets10_smap,
    title={Enabling Green Building Applications},
    author = {Stephen Dawson Haggerty and Jorge Ortiz and Xiaofan Jiang and Jeff Hsu and Sushant Shankar},
    booktitle = {HotEmnets 2010 Workshop on Hot Topics in Embedded Networked Sensors},
    year = {2010},
    month=June
}

@book{oecd2011,
  key="Energy Balances of OECD Countries",
  title="Energy Balances of OECD Countries",
  publisher="International Energy Agency",
  year=2011,
  address={\url{http://www.oecd-ilibrary.org/energy/energy-balances-of-oecd-countries-2011_energy_bal_oecd-2011-en}},
}

@book{eia:2010,
  key="energy outlook",
  title="Energy Outlook 2010",
  publisher="Energy Information Administration",
  year=2010,
  address={\url{http://www.eia.doe.gov/oiaf/ieo/index.html}},
}


@INPROCEEDINGS{modelingtemporally,
    author = {Zhiming Ding and Ralf Hartmut Güting and Praktische Informatik Iv},
    title = {Modeling Temporally Variable Transportation Networks},
    booktitle = {in Proc. of DASFAA},
    year = {2004},
    pages = {154--168}
}

@INPROCEEDINGS{modellingspatio-temporal,
    author = {Jussi Rasinmäki},
    title = {Modelling spatio-temporal environmental data},
    booktitle = {5th AGILE Conference on Geographic Information Science, Palma (Balearic Islands},
    year = {2002},
    pages = {18--877}
}

@MISC{pubsubhubbub,
author = {GoogleLabs},
title = {Pubsubhubbub},
month = jun,
year = {2010},
Howpublished = {\url{http://www.pachube.com/}}
}


@MISC{snappy,
title = {Snappy},
month = feb,
year = {2013},
Howpublished = {\url{https://code.google.com/p/snappy/}}
}

@MISC{pachube,
title = {Pachube},
month = jun,
year = {2010},
Howpublished = {\url{http://www.pachube.com/}}
}

@MISC{qrcgen1,
Howpublished = {\url{http://qrcode.kaywa.com/}}
}

@MISC{tinyurl,
Howpublished = {\url{http://tinyurl.com/}}
}

@MISC{streamfs,
Howpublished = {\url{http://streamfs.cs.berkeley.edu/}}
}

@MISC{weatherunderground,
Howpublished = {\url{http://www.wunderground.com/}}
}

@MISC{apache,
Howpublished = {\url{http://httpd.apache.org/}}
}

@MISC{qrcgen2,
Howpublished = {\url{http://www.qrstuff.com/}}
}

@inproceedings{ms_tinywebs,
 author = {Priyantha, Nissanka B. and Kansal, Aman and Goraczko, Michel and Zhao, Feng},
 title = {Tiny web services: design and implementation of interoperable and evolvable sensor networks},
 booktitle = {SenSys '08: Proceedings of the 6th ACM conference on Embedded network sensor systems},
 year = {2008},
 isbn = {978-1-59593-990-6},
 pages = {253--266},
 location = {Raleigh, NC, USA},
 doi = {http://doi.acm.org/10.1145/1460412.1460438},
 publisher = {ACM},
 address = {New York, NY, USA},
 }

@MISC{streamfeeds,
    author = {Robert Dickerson and Jiakang Lu and Jian Lu and Kamin Whitehouse},
    title = {Stream Feeds- An Abstraction for the World Wide Sensor Web},
    year = {}
}


@TECHREPORT{hourglass,
    author = {Jeff Shneidman and Peter Pietzuch and Jonathan Ledlie and Mema Roussopoulos and Margo Seltzer and Matt Welsh},
    title = {Hourglass: An Infrastructure for Connecting Sensor Networks and Applications},
    institution = {},
    year = {2004}
}

@inproceedings{irisnet,
 author = {Campbell, Jason and Gibbons, Phillip B. and Nath, Suman and Pillai, Padmanabhan and Seshan, Srinivasan and Sukthankar, Rahul},
 title = {IrisNet: an internet-scale architecture for multimedia sensors},
 booktitle = {MULTIMEDIA '05: Proceedings of the 13th annual ACM international conference on Multimedia},
 year = {2005},
 isbn = {1-59593-044-2},
 pages = {81--88},
 location = {Hilton, Singapore},
 doi = {http://doi.acm.org/10.1145/1101149.1101162},
 publisher = {ACM},
 address = {New York, NY, USA},
 }

@inproceedings{bmac,
 author = {Joseph Polastre and Jason Hill and David Culler},
 title = {Versatile low power media access for wireless sensor networks},
 booktitle = {SenSys '04: Proceedings of the 2nd international conference on Embedded networked sensor systems},
 year = {2004},
 isbn = {1-58113-879-2},
 pages = {95--107},
 location = {Baltimore, MD, USA},
 doi = {http://doi.acm.org/10.1145/1031495.1031508},
 publisher = {ACM},
 address = {New York, NY, USA},
 }

@inproceedings{lmac,
      howpublished = {http://eprints.eemcs.utwente.nl/12718/},
            author = {L. F. W. van Hoesel and P. J. M. Havinga},
         booktitle = {1st International Workshop on Networked Sensing Systems (INSS, Tokyo, Japan},
             title = {A Lightweight Medium Access Protocol (LMAC) for Wireless Sensor Networks: Reducing Preamble Transmissions and Transceiver State Switches},
         publisher = {Society of Instrument and Control Engineers (SICE)},
              year = {2004},
             pages = {205--208},
          location = {Tokio, Japan},
          eprintid = {12718},
        event_type = {Conference},
         num_pages = {4},
   research_groups = {EWI-CAES: Computer Architecture for Embedded Systems, EWI-SAS: Signals and Systems},
       ispublished = {Published},
          refereed = {Yes},
        pres_types = {Talk},
  research_programs = {CTIT-UBRICKS: Building Blocks for Ubiquitous Computing and Communication},
  research_projects = {EYES: Energy-Efficient Sensor Networks, Smart Surroundings},
              isbn = {4-907764-21-9}
}

@inproceedings{multilmac,
            volume = {4272},
      howpublished = {http://eprints.eemcs.utwente.nl/7012/},
             month = {October},
            author = {O. Durmaz Incel and S. O. Dulman and P. G. Jansen},
            series = {Lecture Notes in Computer Science},
         booktitle = {Proceedings of the First European Conference on Smart Sensing and Context, EuroSSC 2006, Enschede, the Netherlands},
            editor = {P. J. M. Havinga and M. E. M. Lijding and N. Meratnia and M. Wegdam},
          
           address = {Berlin},
             title = {Multi-channel Support for Dense Wireless Sensor Networking},
         publisher = {Springer},
             pages = {1--14},
              year = {2006},
          location = {Enschede, the Netherlands},
          eprintid = {7012},
        event_type = {Conference},
       event_dates = {25-27 Oct 2006},
      official_url = {http://dx.doi.org/10.1007/11907503_1},
          refereed = {Yes},
       ispublished = {Published},
  research_programs = {CTIT-UBRICKS: Building Blocks for Ubiquitous Computing and Communication},
  research_projects = {Smart Surroundings},
         id_number = {10.1007/11907503_1}
}

@inproceedings{ftsp,
title = {The flooding time synchronization protocol.},
author = {Mikl—s Mar—ti and Branislav Kusy and Gyula Simon and çkos LŽdeczi},
booktitle = {SenSys},
crossref = {conf/sensys/2004},
editor = {John A. Stankovic and Anish Arora and Ramesh Govindan},
pages = {39-49},
publisher = {ACM},
url = {http://dblp.uni-trier.de/db/conf/sensys/sensys2004.html#MarotiKSL04},
year = {2004},
description = {dblp},
ee = {http://doi.acm.org/10.1145/1031495.1031501}, isbn = {1-58113-879-2}, date = {2006-03-13},
keywords = {dblp }
} 

@article{Hodes,
 author = {Hodes, Todd D. and Czerwinski, Steven E. and Zhao, Ben Y. and Joseph, Anthony D. and Katz, Randy H.},
 title = {An architecture for secure wide-area service discovery},
 journal = {Wirel. Netw.},
 volume = {8},
 issue = {2/3},
 month = {March},
 year = {2002},
 issn = {1022-0038},
 pages = {213--230},
 numpages = {18},
 url = {http://dx.doi.org/10.1023/A:1013772027164},
 doi = {http://dx.doi.org/10.1023/A:1013772027164},
 acmid = {506909},
 publisher = {Kluwer Academic Publishers},
 address = {Hingham, MA, USA},
 keywords = {location services, name lookup, network protocols, service discovery},
} 


@inproceedings{funneling,
author = {Gahng-Seop Ahn and Se Gi Hong and Emiliano Miluzzo and Andrew T. Campbell and Francesca Cuomo},
title = {Funneling-MAC: a localized, sink-oriented MAC for boosting fidelity in sensor networks},
booktitle = {SenSys '06: Proceedings of the 4th international conference on Embedded networked sensor systems},
year = {2006},
isbn = {1-59593-343-3},
pages = {293--306},
location = {Boulder, Colorado, USA},
doi = {http://doi.acm.org/10.1145/1182807.1182837},
publisher = {ACM},
address = {New York, NY, USA},
}

@INPROCEEDINGS{wigem,
    author = {Abhishek Goswami and Luis E. Ortiz and Samir R. Das},
    title = {WiGEM : A Learning-Based Approach for Indoor
Localization},
    booktitle = {CoNext 2011},
    year = {2011}
    }


@INPROCEEDINGS{radar,
    author = {Paramvir Bahl and Venkata N. Padmanabhan},
    title = {RADAR: an in-building RF-based user location and tracking system},
    booktitle = {},
    year = {2000},
    pages = {775--784}
}

@inproceedings{mmsn,
  author    = {Gang Zhou and
               Chengdu Huang and
               Ting Yan and
               Tian He and
               John A. Stankovic and
               Tarek F. Abdelzaher},
  title     = {MMSN: Multi-Frequency Media Access Control for Wireless
               Sensor Networks},
  booktitle = {INFOCOM},
  year      = {2006},
  ee        = {http://dx.doi.org/10.1109/INFOCOM.2006.250},
  crossref  = {DBLP:conf/infocom/2006},
  bibsource = {DBLP, http://dblp.uni-trier.de}
}


@inproceedings{trama,
AUTHOR = {V.~Rajendran and K.~Obraczka and J.~Garcia-Luna-Aceves},
TITLE = {Energy-Efficient, Collision-Free Medium Access Control for Wireless Sensor Networks},
BOOKTITLE = SenSys03,
pages = "181--192",
ADDRESS = {Los Angeles, CA},
MONTH = NOV,
YEAR = 2003,
URL = "http://dx.doi.org/10.1145/958491.958513",
}

 @inproceedings{leach,
title = {Low energy adaptive clustering hierarchy with deterministic cluster-head selection.},
author = {Matthias Handy and Marc Haase and Dirk Timmermann},
booktitle = {MWCN},
crossref = {conf/mwcn/2002},
pages = {368-372},
publisher = {IEEE},
url = {http://dblp.uni-trier.de/db/conf/mwcn/mwcn2002.html#HandyHT02},
year = {2002},
description = {dblp},
ee = {http://dx.doi.org/10.1109/MWCN.2002.1045790}, date = {2007-11-08},
keywords = {dblp }
} 
 
 @inproceedings{ymac,
  author    = {Youngmin Kim and
               Hyojeong Shin and
               Hojung Cha},
  title     = {Y-MAC: An Energy-Efficient Multi-channel MAC Protocol for
               Dense Wireless Sensor Networks},
  booktitle = {IPSN},
  year      = {2008},
  pages     = {53-63},
  ee        = {http://doi.ieeecomputersociety.org/10.1109/IPSN.2008.27},
  crossref  = {DBLP:conf/ipsn/2008},
  bibsource = {DBLP, http://dblp.uni-trier.de}
}
 
 @inproceedings{pracmac,
  author    = {Hieu Khac Le and
               Dan Henriksson and
               Tarek F. Abdelzaher},
  title     = {A Practical Multi-channel Media Access Control Protocol
               for Wireless Sensor Networks},
  booktitle = {IPSN},
  year      = {2008},
  pages     = {70-81},
  ee        = {http://doi.ieeecomputersociety.org/10.1109/IPSN.2008.43},
  crossref  = {DBLP:conf/ipsn/2008},
  bibsource = {DBLP, http://dblp.uni-trier.de}
}


@misc{tos2,
howpublished= {www.tinyos.net}
}
 
@misc{micaz,
howpublished= {www.xbow.com}
}
 
@misc{15_4,
howpublished= { http://standards.ieee.org/getieee802/download/802.15.4-2006.pdf}
}


@article{zuniga_trans,
	author    = {Marco Zuniga and Bhaskar Krishnamachari},
	title     = {An analysis of unreliability and asymmetry in low-power wireless links},
	journal   = {TOSN},
	volume    = {3},
	number    = {2},
	year      = {2007},
	pages     = {7},
	ee        = {http://doi.acm.org/10.1145/1240226.1240227},
	bibsource = {DBLP, http://dblp.uni-trier.de}
}

@article{balikrishnan,
author    = {Benjie Chen and
	 Kyle Jamieson and
				Hari Balakrishnan and
					       Robert Morris},
title     = {Span: An Energy-Efficient Coordination Algorithm for Topology
	   Maintenance in Ad Hoc Wireless Networks},
journal   = {Wireless Networks},
volume    = {8},
number    = {5},
year      = {2002},
pages     = {481-494},
bibsource = {DBLP, http://dblp.uni-trier.de}
}

@article{cerpa_estrin,
author    = {Alberto Cerpa and
		 Deborah Estrin},
title     = {ASCENT: Adaptive Self-Configuring sEnsor Networks Topologies},
journal   = {IEEE Trans. Mob. Comput.},
volume    = {3},
number    = {3},
year      = {2004},
pages     = {272-285},
ee        = {http://doi.ieeecomputersociety.org/10.1109/TMC.2004.16},
bibsource = {DBLP, http://dblp.uni-trier.de}
}

@inproceedings{volcano,
  author    = {Geoffrey Werner-Allen and
Konrad Lorincz and
Jeff Johnson and
Jonathan Lees and
Matt Welsh},
title     = {Fidelity and Yield in a Volcano Monitoring Sensor Network},
booktitle = {OSDI},
year      = {2006},
pages     = {381-396},
ee        = {http://www.usenix.org/events/osdi06/tech/werner-allen.html},
crossref  = {DBLP:conf/osdi/2006},
bibsource = {DBLP, http://dblp.uni-trier.de}
}

@inproceedings{AguayoBBJM04,
	  author    = {Daniel Aguayo and
	                John C. Bicket and
       	         Sanjit Biswas and
	               Glenn Judd and
                      Robert Morris},
title     = {Link-level measurements from an 802.11b mesh network},
booktitle = {SIGCOMM},
year      = {2004},
pages     = {121-132},
ee        = {http://doi.acm.org/10.1145/1015467.1015482},
crossref  = {DBLP:conf/sigcomm/2004},
bibsource = {DBLP, http://dblp.uni-trier.de}
}

@inproceedings{nadv,
author    = {Seungjoon Lee and
	 Bobby Bhattacharjee and
				Suman Banerjee},
title     = {Efficient geographic routing in multihop wireless networks},
booktitle = {MobiHoc},
year      = {2005},
pages     = {230-241},
ee        = {http://doi.acm.org/10.1145/1062689.1062720},
crossref  = {DBLP:conf/mobihoc/2005},
bibsource = {DBLP, http://dblp.uni-trier.de}
}



@inproceedings{lof,
author    = {Hongwei Zhang and
	 Anish Arora and
				Prasun Sinha},
title     = {Learn on the Fly: Data-Driven Link Estimation and Routing
	   in Sensor Network Backbones},
booktitle = {INFOCOM},
year      = {2006},
ee        = {http://dx.doi.org/10.1109/INFOCOM.2006.221},
crossref  = {DBLP:conf/infocom/2006},
bibsource = {DBLP, http://dblp.uni-trier.de}
}

@inproceedings{SimonMLBKNPSF04,
author    = {Gyula Simon and
Mikl{\'o}s Mar{\'o}ti and
{\'A}kos L{\'e}deczi and
Gy{\"o}rgy Balogh and
Branislav Kusy and
Andr{\'a}s N{\'a}das and
G{\'a}bor Pap and
J{\'a}nos Sallai and
Ken Frampton},
title     = {Sensor network-based countersniper system},
booktitle = {SenSys},
year      = {2004},
pages     = {1-12},
ee        = {http://doi.acm.org/10.1145/1031495.1031497},
crossref  = {DBLP:conf/sensys/2004},
bibsource = {DBLP, http://dblp.uni-trier.de}
}



@inproceedings{ggb07,
author    = {Sukun Kim and
	 Shamim Pakzad and
David E. Culler and
James Demmel and
      Gregory Fenves and
		     Steve Glaser and
				    Martin Turon},
title     = {Health monitoring of civil infrastructures using wireless
sensor networks},
booktitle = {IPSN},
year      = {2007},
pages     = {254-263},
ee        = {http://doi.acm.org/10.1145/1236360.1236395},
crossref  = {DBLP:conf/ipsn/2007},
bibsource = {DBLP, http://dblp.uni-trier.de}
}

@inproceedings{sp05,
author    = {Joseph Polastre and
Jonathan Hui and
Philip Levis and
Jerry Zhao and
David E. Culler and
Scott Shenker and
Ion Stoica},
title     = {A unifying link abstraction for wireless sensor networks},
booktitle = {SenSys},
year      = {2005},
pages     = {76-89},
ee        = {http://doi.acm.org/10.1145/1098918.1098928},
crossref  = {DBLP:conf/sensys/2005},
bibsource = {DBLP, http://dblp.uni-trier.de}
}

@article{ZhouHKS06,
	author    = {Gang Zhou and Tian He and Sudha Krishnamurthy and John A. Stankovic},
	title     = {Models and solutions for radio irregularity in wireless sensor networks},
	journal   = {TOSN},
	volume    = {2},
	number    = {2},
	year      = {2006},
	pages     = {221-262},
	ee        = {http://doi.acm.org/10.1145/1149287},
	bibsource = {DBLP, http://dblp.uni-trier.de}
}

@inproceedings{WhitehouseKWJC05,
	author    = {Kamin Whitehouse and Chris Karlof and Alec Woo and Fred Jiang and  David E. Culler},
	title     = {The effects of ranging noise on multihop localization: an empirical study},
	booktitle = {IPSN},
	year      = {2005},
	pages     = {73-80},
	ee        = {http://dx.doi.org/10.1109/IPSN.2005.1440899},
	crossref  = {DBLP:conf/ipsn/2005},
	bibsource = {DBLP, http://dblp.uni-trier.de}
}

@inproceedings{CoutoABM03,
author    = {Douglas S. J. De Couto and Daniel Aguayo and
John C. Bicket and Robert Morris},
title     = {A high-throughput path metric for multi-hop wireless routing},
booktitle = {MOBICOM},
year      = {2003},
pages     = {134-146},
ee        = {http://doi.acm.org/10.1145/938985.939000},
crossref  = {DBLP:conf/mobicom/2003},
bibsource = {DBLP, http://dblp.uni-trier.de}
}

@inproceedings{WooTC03,
author    = {Alec Woo and
 Terence Tong and
David E. Culler},
title     = {Taming the underlying challenges of reliable multihop routing
	   in sensor networks},
booktitle = {SenSys},
year      = {2003},
pages     = {14-27},
ee        = {http://doi.acm.org/10.1145/958491.958494},
crossref  = {DBLP:conf/sensys/2003},
bibsource = {DBLP, http://dblp.uni-trier.de}
}

@inproceedings{SrinivasanDTL06,
	author    = {Kannan Srinivasan and Prabal Dutta and Arsalan Tavakoli and Philip Levis},
	title     = {Understanding the causes of packet delivery success and
	failure in dense wireless sensor networks},
	booktitle = {SenSys},
	year      = {2006},
	pages     = {419-420},
	ee        = {http://doi.acm.org/10.1145/1182807.1182885},
	crossref  = {DBLP:conf/sensys/2006},
	bibsource = {DBLP, http://dblp.uni-trier.de}
}

@inproceedings{rodrigo4bit,
	author    = {Rodrigo Fonseca and Omprakash Gnawali and Kyle Jamieson and Philip Levis},
	title     = {Four-Bit Wireless Link Estimation},
	booktitle = {Sixth Workshop on Hot Topics in Networks (HotNets VI)},
	year      = {2007}
}

@inproceedings{prabalbatch,
	author    = {Prabal Dutta and David Culler and Scott Shenker},
	title     = {Procrastination Might Lead to a Longer and More Useful Life},
	booktitle = {Sixth Workshop on Hot Topics in Networks (HotNets VI)},
	year      = {2007}
}


@inproceedings{s4,
author    = {Yun Mao and
Feng Wang and
Lili Qiu and
Simon S. Lam and
Jonathan M. Smith},
title     = {S4: Small State and Small Stretch Routing Protocol for Large
Wireless Sensor Networks},
booktitle = {NSDI},
year      = {2007},
ee        = {http://www.usenix.org/events/nsdi07/tech/mao.html},
crossref  = {DBLP:conf/nsdi/2007},
bibsource = {DBLP, http://dblp.uni-trier.de}
}

@inproceedings{aodv,
author    = {Charles E. Perkins and
Elizabeth M. Belding-Royer},
title     = {Ad-hoc On-Demand Distance Vector Routing},
booktitle = {WMCSA},
year      = {1999},
pages     = {90-100},
ee        = {http://csdl.computer.org/comp/proceedings/wmcsa/1999/0025/00/00250090abs.htm},
crossref  = {DBLP:conf/wmcsa/1999},
bibsource = {DBLP, http://dblp.uni-trier.de}
}





@inproceedings{cooljob,
   author="Cullen Bash and George Forman",
   title = "{Cool Job Allocation: Measuring Power Savings of Placing Jobs at Cooling-Efficient Locations in the Data Center}",
   booktitle="the 2007 USENIX Annual Technical Conference",
   month="June",
   year="2007"
}



@misc{mohica,
	title="{Distributed System Design from a Senor Net Perspective}",
	url = "http://www.eecs.berkeley.edu/~culler/citris/sensorday/culler_design.ppt" 
	organization = "Center for Information Technology Research in the Interest of Society"
}

@misc{best_practices,
	title="{http://hightech.lbl.gov/DCTraining/best-practices.html}",
	url = "http://hightech.lbl.gov/DCTraining/best-practices.html",
	organization = "Lawrence Berkeley Lab"
}

@misc{mts300,
	title="{http://www.xbow.com/Products/productdetails.aspx?sid=158}",
	url = "http://www.xbow.com/Products/productdetails.aspx?sid=158",
	organization = "Crossbow"
}

@misc{wattsup,
	title="{https://www.doubleed.com/secure/products.php}",
	url = "https://www.doubleed.com/secure/products.php",
	organization = "WattsUp"
}

@inproceedings{vpower,
   author="Ripal Nathuji and Karsten Schwan",
   title = "{VirtualPower: Coordinated Power Management in Virtualized Enterprise Systems}",
   booktitle="the Symposium on Operating Systems Principles",
   month="October",
   year="2007"
}

@inproceedings{weatherman,
   author="Justin Moore and Jeffrey Chase and Parthasarathy Ranganathan",
   title = "{Weatherman: Automated, Online, and Predictive Thermal Mapping and Management for Data Centers}",
   booktitle="the Third IEEE International Conference on Autonomic Computing",
   month="June",
   year="2006"
}

@inproceedings{lin_isca07,
   author="Jiang Lin and Hongzhong and Zhichun Zhu and Howard David and Zhao Zhang",
   title = "{Thermal Modeling and Management of DRAM Memory Systems}",
   booktitle="ISCA",
   month="June",
   year="2007"
}

@inproceedings{xfan07,
   author="Xiaobo Fan and Wolf-Dietrich Weber and Luiz Andre Barroso",
   title = "{Power Provisioning for a Warehouse-sized Computer}",
   booktitle="ISCA",
   month="June",
   year="2007"
}

@inproceedings{choi07,
   author="Jeonghwan Choi and Youngjae Kim and Anand Sivasubramaniam",
   title = "{Managing and Modeling Thermal Profiles of Rack-mounted Servers with Thermostat}",
   booktitle="High Performance Computer Architecture",
   year="2007"
}

@inproceedings{chase01,
   author="Jeffrey Chase and Darrell Anderson and Prachi Thakar and Amin Vahdat",
   title = "{Managing Energy and Server Resources}",
   booktitle="SOSP",
   year="2001"
}

@inproceedings{ranganathan06,
   author="Parthasarathey Ranganathan and Phil Leech and David Irwin and Jeffrey Chase"
   title = "{Ensemble-level Power Management for Dense Blade Servers}",
   booktitle="ISCA",
   month="June",
   year="2006"
}

@misc{cole2000,
   author="Gerry Cole",
   title = "{Estimating drive reliability in desktop computers and consumer electronics}",
   booktitle="Seagate Technology Paper TP-338.1",
   month="November",
   year="2000"
}

@inproceedings{ittrends05,
   author="Parthasarathy Ranganathan and Norman Jouppi",
   title = "{Enterprise IT Trends and Implications for Architecture Research}",
   booktitle="the International Conference on High-Performance Computer Architecture",
   month="February",
   year="2005"
}

@inproceedings{diniz_isca07,
   author="Bruno Diniz and Dorgival Guedes and Ricardo Bianchini",
   title = "{Limiting the Power Consumption of Main Memory}",
   booktitle="ISCA",
   month="June",
   year="2007"
}

@inproceedings{martinez_isca07,
   author="Francisco Mesa-Martinez and Joseph Nayfach-Battilana and Jose Renau",
   title = "{Power Model Validation Through Thermal Measurements}",
   booktitle="ISCA",
   month="June",
   year="2007"
}

@inproceedings{greening,
   author="Maruti Gupta and Suresh Singh",
   title = "{Greening of the Internet}",
   booktitle="SIGCOMM",
   month="August",
   year="2003"
}

@inproceedings{powerlan,
   author="Maruti Gupta and Satyajit Grover and Suresh Singh",
   title = "{A Feasibility Study for Power Management in LAN Switches}",
   booktitle="INFOCOM",
   month="May",
   year="2007"
}

@inproceedings{nicshutdown,
   author="Maruti Gupta and Suresh Singh",
   title = "{Dynamic Ethernet Link Shutdown for Energy Conservation on Ethernet Links}",
   booktitle="ICC",
   month="June",
   year="2007"
}

@inproceedings{powermodes,
   author="Maruti Gupta and Suresh Singh",
   title = "{Using Low-power Modes for Energy Conservation in Ethernet LANs}",
   booktitle="IEEE ICNP",
   month="October",
   year="2004"
}

@inproceedings{energy_tcp,
   author="Bokyung Wang and Suresh Singh",
   title = "{Computational Energy Cost of TCP}",
   booktitle="IEEE Infocom",
   year="2004"
}

@book{norman,
   author="Chamara Gunaratne and Ken Christensen and Bruce Nordman",
   title = "{Managing Energy Consumption Costs in Desktop PCs and LAN Switches with Proxying,
			Split TCP Connections, and Scaling of Link Speed}",
   booktitle="Internation Journal of Network Management",
   year="2005"
}

@inproceedings{schroeder07,
   author="Bianca Schroeder and Garth Gibson",
   title = "{Disk Failures in the Real World: What does an MTTF 1,000,000 hours mean to you?}",
   booktitle="FAST",
   month="February",
   year="2007"
}

@inproceedings{pinheiro07,
   author="Eduardo Pinheiro and Wolf-Dietrich Weber and Luiz Andre Barroso",
   title = "{Failure Trends in a Large Disk Drive Population}",
   booktitle="FAST",
   month="February",
   year="2004"
}

@inproceedings{sahoo04,
   author="Ramendra Sahoo and Mark Squillante and Anand Sivasubramaniam and Yanyong Zhang",
   title = "{Failure Data Analysis of a Large-scale Heterogeneous Server Environment}",
   booktitle="the International Conference on Dependable Systems and Networks",
   year="2007"
}

@inproceedings{mcorepolicy,
	author = {James Donald and Margaret Martonosi},
    title  = {Techniques for Multicore Thermal Management: Classification and New Exploration},
    booktitle = {ISCA},
	year      = {2006},
	pages     = {78-88},
	ee        = {http://doi.ieeecomputersociety.org/10.1109/ISCA.2006.39},
	crossref  = {DBLP:conf/isca/2006},
	bibsource = {DBLP, http://dblp.uni-trier.de}
}

@inproceedings{han05,
	author = "{Youndkui Han and Israel Koren and Csaba Andras Moritz}",
	title = "{Temperature Aware Floorplanning}",
	booktitle = {the Second Workshop on Temperature Aware Computer Systems},
	month = "June",
	year      = "2005"
}

@inproceedings{brooks01,
	author = "{David Brooks and Margaret Martonosi}",
	title = "{Dynamic Thermal Management for High-Performance Microprocessors}",
	booktitle = {the 7th International Symposium on High-Performance Computer Architecture},
	month = "January",
	year      = "2001"
}

@inproceedings{chaparro05,
	author = "{Pedro Chaparro and Grigorios Magklis and José González and Antonio González}",
	title = "{Distributing the Frontend for Temperature Reduction}",
	booktitle = {the 11th International Symposium on High-Performance Computer Architecture},
	month = "February",
	year      = "2005"
}

@inproceedings{balancepower,
   author="Ratnesh Sharma and Cullen Bash and Chandrakant Patel and Richard Friedrich and Jeffrey Chase",
   title = "{Balance of Power: Dynamic Thermal Management for Internet Data Centers}",
   booktitle="IEEE Internet Computing",
   month="January",
   year="2005"
}

@inproceedings{coolsched,
   author="Justin Moore and Jeff Chase and Parthasarathy Ranganathan and Ratnesh Sharma",
   title = "{Making Scheduling Cool: Temperature-Aware Workload Placement in Data Centers}",
   booktitle="Usenix Annual Technical Conference",
   month="April",
   year="2005"
}

@misc{gartner_dc,
	title="{http://www.gartner.com/it/page.jsp?id499090}",
	url = "http://www.gartner.com/it/page.jsp?id499090",
	organization = "Gartner"
}

@misc{epadatacenter,
	author="{U.S. Environmental Protection Agency}",
	title="{Report to Congress on Server and Data Center Energy Efficient, Public Law 109-431}"
	month="August"
	year="2007"
}

@misc{plugloadreport,
  author="{Ecos}}",
  title="{OFFICE PLUG LOAD FIELD MONITORING REPORT}"
  month="October"
  year="2008"
}

@misc{localtempctrl1,
	author="{Keke Chen and David Auslander and Cullen Bash and Chandrakant Patel}",
	title="{Local Temperature Control in Data Center Cooling: Part 1, Correlation Matrix}"
	month="March"
	year="2006"
}

@misc{localtempctrl2,
	author="{Keke Chen and David Auslander and Cullen Bash and Chandrakant Patel}",
	title="{Local Temperature Control in Data Center Cooling: Part 2, Statistical Analysis}"
	month="March"
	year="2006"
}

@misc{pgedatacenter,
	author="{Pacific Gas and Electric Company}",
	title="{High Performance Data Centers: A Design Guidelines Sourcebook}"
	month="January"
	year="2006"
}

@misc{uptime_sensicast,
	author="{Sensicast Systems Inc.}",
	title="{Wireless Sensor Network Solutions for Data Center Applications}"
	year="2007"
}
@article{garcia-molina82election,
 author = "Hector Garcia-Molina",
 title = "Elections in a Distributed Computing System",
 journal = "IEEE Transactions on Computers",
 volume = "C-31",
 number = 1,
 month = jan,
 year = 1982,
 pages = {48-59},
}

@inproceedings{maroti04directedflood,
 author = {Mikl\'{o}s Mar\'{o}ti},
 title = {Directed flood-routing framework for wireless sensor networks},
 booktitle = {Middleware '04: Proceedings of the 5th ACM/IFIP/USENIX international conference on Middleware},
 year = {2004},
 isbn = {3-540-23428-4},
 pages = {99--114},
 location = {Toronto, Canada},
 publisher = {Springer-Verlag New York, Inc.},
 address = {New York, NY, USA},
 }

@article{rats,
  author={Branislav Kusy and Prabal Dutta and Philip Levis and Mikl\'{o}s Mar\'{o}ti and \'{A}kos L\'{e}deczi and David Culler},
  title="Elapsed Time on Arrival: A Simple, Versatile, and Scalable Primitive for Time Synchronization Services",
  journal="International Journal of Ad hoc and Ubiquitious Computing",
  year=2005
}

@article{mtt,
  author = "Songhwai Oh and Luca Schenato and Shankar Sastry",
  title = "A Hierarchical Multiple-Target Tracking Algorithm for Sensor Networks",
  journal = "IEEE ICRA",
  year = 2005
}

@inproceedings{girod06localization,
 author = {Lewis Girod and Martin Lukac and Vlad Trifa and Deborah Estrin},
 title = {The design and implementation of a self-calibrating distributed acoustic sensing platform},
 booktitle = {SenSys '06: Proceedings of the 4th international conference on Embedded networked sensor systems},
 year = {2006},
 isbn = {1-59593-343-3},
 pages = {71--84},
 location = {Boulder, Colorado, USA},
 doi = {http://doi.acm.org/10.1145/1182807.1182815},
 publisher = {ACM Press},
 address = {New York, NY, USA},
 }

@inproceedings{rips,
 author = {Mikl\'{o}s Mar\'{o}ti and P\'{e}ter V\"{o}lgyesi and Sebesty\'{e}n D\'{o}ra and Branislav Kus\'{y} and Andr\'{a}s N\'{a}das and \'{A}kos L\'{e}deczi and Gy\"{o}rgy Balogh and K\'{a}roly Moln\'{a}r},
 title = {Radio interferometric geolocation},
 booktitle = {SenSys '05: Proceedings of the 3rd international conference on Embedded networked sensor systems},
 year = {2005},
 isbn = {1-59593-054-X},
 pages = {1--12},
 location = {San Diego, California, USA},
 doi = {http://doi.acm.org/10.1145/1098918.1098920},
 publisher = {ACM Press},
 address = {New York, NY, USA},
 }


@inproceedings{slat,
 author = {Christopher Taylor and Ali Rahimi and Jonathan Bachrach and Howard Shrobe and Anthony Grue},
 title = {Simultaneous localization, calibration, and tracking in an ad hoc sensor network},
 booktitle = {IPSN '06: Proceedings of the fifth international conference on Information processing in sensor networks},
 year = {2006},
 isbn = {1-59593-334-4},
 pages = {27--33},
 location = {Nashville, Tennessee, USA},
 doi = {http://doi.acm.org/10.1145/1127777.1127785},
 publisher = {ACM Press},
 address = {New York, NY, USA},
 }



@inproceedings{savarese02robustpositioning,
    author  = "Chris Savarese and Jan Rabaey and Koen Langendoen",
    title   = "Robust Positioning Algorithms for Distributed Ad-Hoc Wireless Sensor Networks",
    booktitle = "USENIX Technical Annual Conference",
    pages   = "317-328",
    organization =  "USENIX",
    year    = 2002,
}

@article{snms,
  author = "Gilman Tolle and David Culler",
  title = "Design of an Application-Cooperative Management System for Wireless Sensor Networks",
  journal = "IEEE EWSN",
  year = 2005
}

@inproceedings{tpsn,
 author = {Saurabh Ganeriwal and Ram Kumar and Mani B. Srivastava},
 title = {Timing-sync protocol for sensor networks},
 booktitle = {SenSys '03: Proceedings of the 1st international conference on Embedded networked sensor systems},
 year = {2003},
 isbn = {1-58113-707-9},
 pages = {138--149},
 location = {Los Angeles, California, USA},
 doi = {http://doi.acm.org/10.1145/958491.958508},
 publisher = {ACM Press},
 address = {New York, NY, USA},
 }


@inproceedings{bib:romer01timesync,
    author      = "Kay Romer",
    title       = "Time Synchronization in Ad Hoc Networks",
    booktitle   = "MobiHoc 2001",
    month       = jun,
    location    = "Long Beach, CA, USA",
    year        = 2004
}


@inproceedings{rabiner99dissemination,
 author = {Wendi Rabiner Heinzelman and Joanna Kulik and Hari Balakrishnan},
 title = {Adaptive protocols for information dissemination in wireless sensor networks},
 booktitle = {MobiCom '99: Proceedings of the 5th annual ACM/IEEE international conference on Mobile computing and networking},
 year = {1999},
 isbn = {1-58113-142-9},
 pages = {174--185},
 location = {Seattle, Washington, United States},
 doi = {http://doi.acm.org/10.1145/313451.313529},
 publisher = {ACM Press},
 address = {New York, NY, USA},
 }


@inproceedings{he04mobisys,
 author = {Tian He and Sudha Krishnamurthy and John A. Stankovic and Tarek Abdelzaher and Liqian Luo and Radu Stoleru and Ting Yan and Lin Gu and Jonathan Hui and Bruce Krogh},
 title = {Energy-efficient surveillance system using wireless sensor networks},
 booktitle = {MobiSys '04: Proceedings of the 2nd international conference on Mobile systems, applications, and services},
 year = {2004},
 isbn = {1-58113-793-1},
 pages = {270--283},
 location = {Boston, MA, USA},
 doi = {http://doi.acm.org/10.1145/990064.990096},
 publisher = {ACM Press},
 address = {New York, NY, USA},
 }

@inproceedings{kluesenergy,
 author = {Kevin Klues and Guoliang Xing and Chenyang Lu},
 title = {Link layer support for unified radio power management in wireless sensor networks},
 booktitle = {IPSN '07: Proceedings of the 6th international conference on Information processing in sensor networks},
 year = {2007},
 isbn = {978-1-59593-638-X},
 pages = {460--469},
 location = {Cambridge, Massachusetts, USA},
 doi = {http://doi.acm.org/10.1145/1236360.1236418},
 publisher = {ACM Press},
 address = {New York, NY, USA},
 }



@inproceedings{ftsp,
 author = {Mikl\'{o}s Mar\'{o}ti and Branislav Kusy and Gyula Simon and \'{A}kos L\'{e}deczi},
 title = {The flooding time synchronization protocol},
 booktitle = {SenSys '04: Proceedings of the 2nd international conference on Embedded networked sensor systems},
 year = {2004},
 isbn = {1-58113-879-2},
 pages = {39--49},
 location = {Baltimore, MD, USA},
 doi = {http://doi.acm.org/10.1145/1031495.1031501},
 publisher = {ACM Press},
 address = {New York, NY, USA},
 }



@inproceedings{ganesan03multiresolution,
 author = {Deepak Ganesan and Ben Greenstein and Denis Perelyubskiy and Deborah Estrin and John Heidemann},
 title = {An evaluation of multi-resolution storage for sensor networks},
 booktitle = {SenSys '03: Proceedings of the 1st international conference on Embedded networked sensor systems},
 year = {2003},
 isbn = {1-58113-707-9},
 pages = {89--102},
 location = {Los Angeles, California, USA},
 doi = {http://doi.acm.org/10.1145/958491.958502},
 publisher = {ACM Press},
 address = {New York, NY, USA},
 }


@inproceedings{rbs,
 author = {Jeremy Elson and Lewis Girod and Deborah Estrin},
 title = {Fine-grained network time synchronization using reference broadcasts},
 booktitle = {OSDI '02: Proceedings of the 5th symposium on Operating systems design and implementation},
 year = {2002},
 pages = {147--163},
 location = {Boston, Massachusetts},
 doi = {http://doi.acm.org/10.1145/1060289.1060304},
 publisher = {ACM Press},
 address = {New York, NY, USA},
 }



@inproceedings{tsar,
 author = {Peter Desnoyers and Deepak Ganesan and Prashant Shenoy},
 title = {TSAR: a two tier sensor storage architecture using interval skip graphs},
 booktitle = {SenSys '05: Proceedings of the 3rd international conference on Embedded networked sensor systems},
 year = {2005},
 isbn = {1-59593-054-X},
 pages = {39--50},
 location = {San Diego, California, USA},
 doi = {http://doi.acm.org/10.1145/1098918.1098923},
 publisher = {ACM Press},
 address = {New York, NY, USA},
 }



@inproceedings{vrr,
 author = {Matthew Caesar and Miguel Castro and 
	 Edmund B. Nightingale and Greg O'Shea and Antony Rowstron},
 title = {Virtual ring routing: network routing inspired by DHTs},
 booktitle = {SIGCOMM '06: Proceedings of the 2006 conference on Applications, 
	 technologies, architectures, and protocols for computer communications},
 year = {2006},
 isbn = {1-59593-308-5},
 pages = {351--362},
 location = {Pisa, Italy},
 doi = {http://doi.acm.org/10.1145/1159913.1159954},
 publisher = {ACM Press},
 address = {New York, NY, USA},
 }


@inproceedings{tinysec,
 author = {Chris Karlof and Naveen Sastry and David Wagner},
 title = {TinySec: a link layer security architecture for wireless sensor networks},
 booktitle = {SenSys '04: Proceedings of the 2nd international conference on 
	 Embedded networked sensor systems},
 year = {2004},
 isbn = {1-58113-879-2},
 pages = {162--175},
 location = {Baltimore, MD, USA},
 doi = {http://doi.acm.org/10.1145/1031495.1031515},
 publisher = {ACM Press},
 address = {New York, NY, USA},
 }

@inproceedings{dream,
author    = {Stefano Basagni and
 Imrich Chlamtac and
Violet R. Syrotiuk and
       Barry A. Woodward},
title     = {A Distance Routing Effect Algorithm for Mobility (DREAM)},
booktitle = {MOBICOM},
year      = {1998},
pages     = {76-84},
ee        = {http://doi.acm.org/10.1145/288235.288254},
bibsource = {DBLP, http://dblp.uni-trier.de}
}

@inproceedings{WhitehouseKWJC05,
author    = {Kamin Whitehouse and
Chris Karlof and
Alec Woo and
Fred Jiang and
David E. Culler},
title     = {The effects of ranging noise on multihop localization: an
empirical study},
booktitle = {IPSN},
year      = {2005},
pages     = {73-80},
ee        = {http://dx.doi.org/10.1109/IPSN.2005.1440899},
crossref  = {DBLP:conf/ipsn/2005},
bibsource = {DBLP, http://dblp.uni-trier.de}
}

@inproceedings{gpsr,
author    = {Brad Karp and
                H. T. Kung},
title     = {GPSR: greedy perimeter stateless routing for wireless networks},
booktitle = {MOBICOM},
year      = {2000},
pages     = {243-254},
ee        = {http://doi.acm.org/10.1145/345910.345953},
bibsource = {DBLP, http://dblp.uni-trier.de}
}


@inproceedings{bvr,
  author="Rodrigo Fonseca and Sylvia Ratnasamy and  Jerry Zhao and and Cheng Tien Ee and David Culler and Scott Shenker and Ion Stoica", 
  title="Beacon Vector Routing: Scalable Point-to-Point Routing in Wireless Sensornets",
  booktitle={{Proceedings of the Second USENIX/ACM Symposium on Network Systems Design and Implementation (NSDI 2005)}},
  year = 2005,
}

@inproceedings{ema,
 author = {Xiaofan Jiang and Jay Taneja and Jorge Ortiz and Arsalan Tavakoli and Prabal Dutta and Jaein Jeong and David Culler and Philip Levis and Scott Shenker},
 title = {An Architecture for Energy Management in Wireless Sensor Networks},
 booktitle = {International Workshop on Wireless Sensor Network Architecture (WSNA'07)},
 year = {2007},
 publisher = {ACM Press},
 address = {New York, NY, USA},
 }

@inproceedings{hood,
  author= {Kamin Whitehouse and Cory Sharp and Eric Brewer and David Culler},
  title = "Hood: a Neighborhood Abstraction for Sensor Networks",
  booktitle={Proceedings of ACM International Conference on Mobile Systems, Applications, and Services (MobiSys '04)},
  year = "2004"
}

@inproceedings{dutta05power,
 author = {Prabal K. Dutta and David E. Culler},
 title = {System software techniques for low-power operation in wireless sensor networks},
 booktitle = {ICCAD '05: Proceedings of the 2005 IEEE/ACM International conference on Computer-aided design},
 year = {2005},
 isbn = {0-7803-9254-X},
 pages = {925--932},                                                           
 location = {San Jose, CA},
 publisher = {IEEE Computer Society},
 address = {Washington, DC, USA},
 }

@article{tinydb,
  author    =   "Samuel Madden and Michael Franklin and Joseph Hellerstein and Wei Hong",
  title="TinyDB: An Acquisitional Query Processing System for Sensor Networks", 
  journal="ACM Transactions on Database Systems (TODS)",
  volume={30}, 
  number={1}, 
  pages={122-173},
  month=mar, 
  year="2005"
}

@inproceedings{tag,
  author = "Samuel R. Madden and Michael J. Franklin and Joseph M. Hellerstein and Wei Hong",
  title = "{{{TAG: A Tiny AGgregation}} Service for Ad-Hoc Sensor Networks}",
  month = dec,
  year = 2002,
  booktitle = "Proceedings of the ACM Symposium on Operating System Design and Implementation (OSDI)"
}

@inproceedings{nsdi04tinyos,
  author="Philip Levis and Sam Madden and David Gay and Joe Polastre and Robert Szewczyk and Alec Woo and Eric Brewer and David Culler",
  title="The Emergence of Networking Abstractions and Techniques in TinyOS",
  booktitle={{First USENIX/ACM Symposium on Network Systems Design and Implementation (NSDI)}},
  year=2004,
}

@inproceedings{stoleru05gps,
 author = {Radu Stoleru and Tian He and John A. Stankovic and David Luebke},
 title = {A high-accuracy, low-cost localization system for wireless sensor networks},
 booktitle = {SenSys '05: Proceedings of the 3rd international conference on Embedded networked sensor systems},
 year = {2005},
 isbn = {1-59593-054-X},
 pages = {13--26},
 location = {San Diego, California, USA},
 doi = {http://doi.acm.org/10.1145/1098918.1098921},
 publisher = {ACM Press},
 address = {New York, NY, USA},
 }


@inproceedings{wisden,
  author = {Ning Xu and Sumit Rangwala and Krishna Chintalapudi and Deepak Ganesan and Alan Broad and Ramesh Govindan and Deborah Estrin},
  title = {A Wireless Sensor Network for Structural Monitoring},
  booktitle = {Proceedings of the 2nd ACM Conference on Embedded Networked Sensor Systems (Sensys)},
  address = {Baltimore, MD, USA},
  month = {November},
  year = {2004},
  publisher = {ACM Press},
}


@inproceedings{SNAHotOS,
  author = "David Culler and Prabal Dutta and Cheng Tien Ee and Rodrigo Fonseca and Jonathan Hui and Philip Levis and Joseph Polastre and Scott Shenker and Ion Stoica and Gilman Tolle and Jerry Zhao",
  title = "Towards a Sensor Network Architecture: Lowering the Waistline",
  booktitle="Proceedings of Tenth Workshop on Hot Topics in Operating Systems (HotOS-X)", 
  address={Santa Fe, NM},
  month={June}, year={2005}
}

@inproceedings{gem,
 author = {James Newsome and Dawn Song},
 title = {GEM: graph eMbedding for routing and data-centric storage in sensor networks without geographic information},
 booktitle = {Proceedings of the first international conference on Embedded networked sensor systems},
 year = {2003},
 isbn = {1-58113-707-9},
 pages = {76--88},
 location = {Los Angeles, California, USA},
 doi = {http://doi.acm.org/10.1145/958491.958501},
 publisher = {ACM Press},
 }

@inproceedings{netshm,
  author = {Jeongyeup Paek and Krishna Chintalapudi and John Cafferey and Ramesh Govindan and Sami Masri},
  title = {A Wireless Sensor Network for Structural Health Monitoring: Performance and Experience},
  booktitle = {Proceedings of the Second IEEE Workshop on Embedded Networked Sensors (EmNetS-II)},
  year = 2005
}

@inproceedings{synopsis,
 author = {Suman Nath and Phillip B. Gibbons and Srinivasan Seshan and Zachary R. Anderson},
 title = {Synopsis diffusion for robust aggregation in sensor networks},
 booktitle = {Proceedings of the 2nd ACM Conference on Embedded Networked Sensor Systems (Sensys)},
 year = {2004},
 pages = {250--262},
 location = {Baltimore, MD, USA},
 doi = {http://doi.acm.org/10.1145/1031495.1031525},
 publisher = {ACM Press},
 address = {New York, NY, USA},
 }

@inproceedings{mintroute,
  author = "Alec Woo and Terrence Tong and David Culler",
  title = "Taming the Underlying Challenges of Multihop Routing in Sensor Networks",
  booktitle = "Proceedings of the First ACM Conference on Embedded Networked Sensor Systems",
  address = "Los Angeles, CA",
  month = nov,
  year = 2003
}

@inproceedings{gdi,
  author = "Alan Mainwaring and Joseph Polastre and Robert Szewczyk and David Culler and John Anderson",
  title = "{Wireless Sensor Networks for Habitat Monitoring}",
  year = 2002,
  month = sep,
  booktitle = "Proceedings of the ACM International Workshop on Wireless Sensor Networks and Applications"
}

@inproceedings{peg,
   author={Cory Sharp and Shawn Schaffert and Alec Woo and Naveen
Sastry and Chris Karlof and Shankar Sastry and David Culler},
   title = {Design and Implementation of a Sensor Network System for Vehicle
         Tracking and Autonomous Interception},
   booktitle = {Second European Workshop on Wireless Sensor Networks},
   month = {January -- February},
   year = 2005,
}



@article{energy_aware_adaptation,
  author = "Jason Flinn and M. Satyanarayanan",
  title = "Energy-aware adaptation for mobile applications",
  journal = "ACM SOSP",
  year = 1999,
}

@article{nemesis_os,
  author = "Ian Leslie and Derek McAuley and Richard Black and Timothy Roscoe and Paul Barham and David Evers and Robin Fairbairns and Eoin Hyden",
  title = "The Design and Implementation of an Operating System to Support Distributed Multimedia Applications",
  journal = "IEEE JSAC",
  year = 1996,
}

@article{eclipse_os,
  author = "John Bruno and Eran Gabber and Banu Ozden and Abraham Silberschatz",
  title = "The Eclipse Operating System: Providing Quality of Service via Reservation Domains",
  journal = "USENIX Annual Technial Conference",
  year = 1998,
}

@article{nemesis_accounting,
  author = "Rolf Neugebauer and Derek McAuley",
  title = "Energy is just another resource: Energy accounting and energy pricing in the Nemesis OS",
  journal = "USENIX HotOS",
  year = 2001,
}


@article{resource_containers,
  author = "Gaurav Banga and Peter Druschel and Jeffrey C. Mogul",
  title = "Resource containers: A new facility for resource management in server systems",
  journal = "USENIX OSDI",
  year = 1999,
}

@article{ecosystem,
  author = "Heng Zeng and Carla S. Ellis and Alvin R. Lebeck",
  title = "Experiences in Managing Energy with ECOSystem",
  journal = "IEEE PerCom",
  year = 2005,
}

@article{BGH+05,
  author = "Phil Buonadonna and David Gay and Joseph M. Hellerstein and Wei Hong and Samuel Madden",
  title = "TASK: Sensor Network in a Box",
  journal = "IEEE EWSN",
  year = 2005
}

@article{WAJR+05,
  author = "Geoffrey Werner-Allen and Jeff Johnson and Mario Ruiz and Jonathan Lees and Matt Welsh",
  title = "Monitoring Volcanic Eruptions with a Wireless Sensor Network",
  journal = "IEEE EWSN",
  year = 2005
}

@article{CCWZ05,
  author = "Iacopo Carreras and Imrich Chlamtac and Hagen Woesner and Honggang Zhang",
  title = "Normadic Sensor Networks",
  journal = "IEEE EWSN",
  year = 2005
}

@article{BKM+04,
  author = "Jan Beutel and Oliver Kasten and Friedemann Mattern and Kay Roemer and Frank Siegemund and Lothar Thiele",
  title = "Prototyping Wireless Sensor Network Applications with BTnodes",
  journal = "IEEE EWSN",
  year = 2004
}

@article{RKH+05,
  author = "Vijay Raghunathan and Aman Kansal and Jason Hsu and Jonathan Friedman and Mani Srivastava",
  title = "Design Considerations for Solar Energy Harvesting Wireless Embedded Systems",
  journal = "IEEE SPOTS",
  year = 2005
}

@article{KPS04,
  author = "Aman Kansal and Dunny Potter and Mani B. Srivastava",
  title = "Performance Aware Tasking for Environmentally Powered Sensor Networks",
  journal = "ACM SIGMETRICS",
  year = 2004,
}

@article{JPC05,
  author = "Xiaofan Jiang and Joseph Polastre and David Culler",
  title = "Perpetual Environmentally Powered Sensor Networks",
  journal = "IEEE SPOTS",
  year = 2005,
}

@article{prometheus,
  author = "Xiaofan Jiang and Joseph Polastre and David Culler",
  title = "Perpetual Environmentally Powered Sensor Networks",
  journal = "IEEE SPOTS",
  year = 2005,
}

@article{polastreSP,
  author = "Joseph Polastre and Jonathan Hui and Philip Levis and Jerry Zhao and David Culler and Scott Shenker and Ion Stoica",
  title = "A Unifying Link Abstraction for Wireless Sensor Networks",
  journal = "ACM Sensys",
  year = 2005
}

@inproceedings{ggb,
  author="Sukun Kim and Shamim Pakzad and David Culler and James Demmel and Gregory Fenves and Steven Glaser and Martin Turon",
  title="Health Monitoring of Civil Infrastructures Using Wireless Sensor Networks",
  booktitle="Proceedings of the 6th International Conference on Information Processing in Sensor Networks (IPSN '07)",
  year=2007,
}

@article{osdi06NLA,
  author = "Cheng Tien Ee and Rodrigo Fonseca and Sukun Kim and Daekyeong Moon and Arsalan Tavakoli and David Culler and Scott Shenker and Ion Stoica",
  title = "A Modular Network Layer for Sensornets",
  journal = "USENIX OSDI",
  year = 2006
}

@article{klues06resource,
  author = "Kevin Klues and Vlado Handziski and David Culler and David Gay and Philip Levis and Chenyang Lu and Adam Wolisz",
  title = "Dynamic Resource Management in a Static Network Operating System",
  journal = "In submission",
}

@article{ganesan,
  author = "Deepak Ganesan and Bhaskar Krishnamachari and Alec Woo and David Culler and Deborah Estrin and Stephen Wicker",
  title = "Complex Behavior at Scale: An Experimental Study of Low-Power Wireless Sensor Networks",
  journal = "Technical Report UCLA/CSD-TR, 02-0013, Department of Computer Science, University of California at Los Angeles",
  year = 2003,
}

@article{T2,
  author = "Philip Levis and David Gay and Vlado Handziski and Jan-Heinrich Hauer and Ben Greenstein and Martin Turon and Jonathan Hui and Kevin Klues and Cory Sharp and Robert Szewczyk and Joseph Polastre and Philip Buonadonna and Lama Nachman and Gilman Tolle and David Culler and Adam Wolisz",
  title = "T2: A Second Generation OS For Embedded Sensor Networks",
  journal = "Technical Report TKN-05-007, Telecommunication Networks Group, Technische Universitat Berlin",
  year = 2005,
}

@inproceedings{trickle,
  author="Philip Levis and Neil Patel and David Culler and Scott Shenker",
  title="Trickle: A Self-Regulating Algorithm for Code Maintenance and Propagation in Wireless Sensor Networks",
  booktitle={{First USENIX/ACM Symposium on Network Systems Design and Implementation (NSDI)}},
  year=2004,
}

@article{WASW05,
  author = "Geoffrey Werner-Allen and Patrick Swieskowski and Matt Welsh",
  title = "MoteLab: A Wireless Sensor Network Testbed",
  journal = "IEEE SPOTS",
  year = 2005,
}

@article{BRY+04,
  author = "Maxim A. Batalin and Mohammad Rahimi and Yan Yu and Duo Liu and Aman Kansal and Gaurav S. Sukhatme and William J. Kaiser and Mark Hansen and Gregory J. Pottie and Mani Srivastava and Deborah Estrin",
  title = "Call and Response: Experiments in Sampling the Environment",
  journal = "ACM Sensys",
  year = 2004
}

@article{GSR+04,
  author = "Lewis Girod and Thanos Stathopoulos and Nithya Ramanathan and Jeremy Elson and Deborah Estrin and Eric Osterweil and Tom Schoellhammer",
  title = "A System for Simulation, Emulation, and Deployment of Heterogeneous Sensor Networks",
  journal = "ACM Sensys",
  year = 2004
}

@article{JOW+02,
  author = "Philo Juang and Hidekazu Oki and Yong Wang and Margaret Martonosi and Li-Shiuan Peh and Daniel Rubenstein",
  title = "Energy-Efficient Computing for Wildlife Tracking: Design Tradeoffs and Early Experiences with ZebraNet",
  journal = "ACM ASPLOS",
  year = 2002
}

@article{ZSLM04,
  author = "Pei Zhang and Christopher M. Sadler and Stephen A. Lyon and Margaret Martonosi",
  title = "Hardware Design Experiences in ZebraNet",
  journal = "ACM Sensys",
  year = 2004
}

@article{zebranet,
  author = "Pei Zhang and Christopher M. Sadler and Stephen A. Lyon and Margaret Martonosi",
  title = "Hardware Design Experiences in ZebraNet",
  journal = "ACM Sensys",
  year = 2004
}

@article{tenet,
  author = "Omprakash Gnawali and Ben Greenstein and Ki-Young Jang and August Joki and Jeongyeup Paek and Marcos Vieira and Deborah Estrin and Ramesh Govindan and Eddie Kohler", 
  title = "The TENET Architecture for Tiered Sensor Networks", 
  journal = "ACM Sensys", 
  year = 2006,
}

@inproceedings{deluge,
  author = {Jonathan W. Hui and David Culler},
  title = {The dynamic behavior of a data dissemination protocol for network programming at scale},
  booktitle = {SenSys '04: Proceedings of the 2nd international conference on Embedded networked sensor systems},
  year = {2004},
  isbn = {1-58113-879-2},
  pages = {81--94},
}

@article{volcano,
  title = "Fidelity and Yield in a Volcano Monitoring Sensor Network", 
  author = "Geoff Werner-Allen and Konrad Lorincz and Jeff Johnson and Jonathan Lees and Matt Welsh",
  journal = "USENIX OSDI",
  year = 2006,
}

@article{tinyos,
  author = "Philip Levis and Sam Madden and Joseph Polastre and Robert Szewczyk and Kamin Whitehouse and Alec Woo and David Gay and Jason Hill and Matt Welsh and Eric Brewer and David Culler",
  title = "TinyOS: An Operating System for Wireless Sensor Networks",
  journal = "Ambient Intelligence",
  year = 2005,
}

@article{envirotrack,
  title = "EnviroTrack: Towards an Environmental Computing Paradigm for Distributed Sensor Networks",  
  author = "T. Abdelzaher and B. Blum and Q. Cao and Y. Chen and D. Evans and J. George and S. George and L. Gu and T. He and S. Krishnamurthy and L. Luo and S. Son and J. Stankovic and R. Stoleru and A. Wood",
  journal = "IEEE ICDCS",
  year = 2004,
}

@article{rice,
  title = "Rapid Deployment with Confidence: Calibration and Fault Detection in Environmental Sensor Networks",
  author = "Nithya Ramanathan and Laura Balzano and Marci Burt and Deborah Estrin and Tom Harmon and Charlie Harvey and Jenny Jay and Eddie Kohler and Sarah Rothenberg and Mani Srivastava", 
  journal = "CENS Tech Report \#62", 
  year = 2006,
}

@article{lifeunderyourfeet,
  author = "Razvan Musaloiu-E. and Andreas Terzis and Katalin Szlavecz and Alex Szalay and Joshua Cogan and Jim Gray",
  title = "Life under your feet: Wireless sensors in soil ecology",
  journal = "EmNets",
  year = 2006,
}

@article{sigmetrics,
  title = "Performance Aware Tasking for Environmentally Powered Sensor Networks",
  author = "Aman Kansal and Dunny Potter and Mani B. Srivastava",
  journal = "ACM Sigmetrics",
  year = 2004,
}

@article{glacsweb,
  title = "Deploying a Sensor Network in an Extreme Environment",
  author = "K. Martinez and P. Padhy and A. Elsaify and G. Zou and A. Riddoch and J. K. Hart and H. L. R. Ong",
  journal = "IEEE SUTC",
  year = 2006, 
}

@article{SSC05,
  author = "Farhan Simjee and Devyani Sharma and Pai H. Chou",
  title = "Everlast: Long-life, Supercapacitor-operated Wireless Sensor Node",
  journal = "ACM Sensys",
  year = 2005
}

@inproceedings{CerpaWPE05,
  author    = {Alberto Cerpa and
	 Jennifer L. Wong and
	Miodrag Potkonjak and
	Deborah Estrin},
title     = {Temporal properties of low power wireless links: modeling
	   and implications on multi-hop routing},
booktitle = {MobiHoc},
year      = {2005},
pages     = {414-425},
ee        = {http://doi.acm.org/10.1145/1062689.1062741},
crossref  = {DBLP:conf/mobihoc/2005},
bibsource = {DBLP, http://dblp.uni-trier.de}
}

@article{EBB+03,
  author = "J. Elson and S. Bien and V. Bychkovskiy and A. Cerpa and D. Ganesan and L. Girod and B. Greenstein and T. Schoellhammer and T. Stathopoulos and D. Estrin",
  title = "EmStar: An Environment for Developing Wireless Embedded Systems Software",
  journal = "UCLA CENS Technical Report No. 9",
  year = 2003
}

@article{SSW+05,
  author = "Cory Sharp and Shawn Schaffert and Alec Woo and Naveen Sastry and Chris Karlof and Shankar Sastry and David Culler",
  title = "Design and Implementation of a Sensor Network System for Vehicle Tracking and Autonomous Interception",
  journal = "IEEE EWSN",
  year = 2005,
}

@article{SMP+04,
  author = "Robert Szewczyk and Alan Mainwaring and Joseph Polastre and John Anderson and David Culler",
  title = "An Analysis of a Large Scale Habitat Monitoring Application",
  journal = "ACM Sensys",
  year = 2004,
}

@article{gdi2,
  author = "Robert Szewczyk and Alan Mainwaring and Joseph Polastre and John Anderson and David Culler",
  title = "An Analysis of a Large Scale Habitat Monitoring Application",
  journal = "ACM Sensys",
  year = 2004,
}


@article{CEE+01,
  author = "Alberto Cerpa and Jeremy Elson and Deborah Estrin and Lewis Girod and Michael Hamilton and Jerry Zhao",
  title = "Habitat Monitoring: Application Driver for Wireless Communications Technology",
  journal = "ACM SIGCOMM Workshop on Data Communications in Latin America and the Caribbean",
  year = 2001
}


@article{XBM+03,
  author = "Ya Xu and Solomon Bien and Yataka Mori and John Heidemann and Deborah Estrin",
  title = "Topology Control Protocols to Conserve Energy in Wireless Ad Hoc Networks",
  journal = "CENS Technical Report No.6, \url{http://lecs.cs.ucla.edu/~sbien/papers/gaf-cec-journal.pdf}",
  year = 2003,
}

@article{HVY+06,
  author = "Tian He and Pascal Vicaire and Ting Yan and Qing Cao and Gang Zhou and Lin Gu and Liqian Luo and Radu Stoleru and John A. Stankovic and Tarek F. Abdelzaher",
  title = "Achieving Long-Term Surveillance in VigilNet",
  journal = "IEEE InfoCom",
  year = 2006
}

@article{XRC+04,
  author = "Ning Xu and Sumit Rangwala and Krishna Kant Chintalapudi and Deepak Ganesan and Alan Broad and Ramesh Govindan and Deborah Estrin",  
  title = "A wireless sensor network For structural monitoring",
  journal = "ACM Sensys",
  year = 2004
}

@article{countersniper,
  author = "Gyula Simon   and  Miklos Maroti   and  Akos Ledeczi   and  Gyorgy Balogh   and  Branislav Kusy   and  Andras Nadas   and  Gabor Pap   and  Janos Sallai   and  Ken Frampton",  
  title = "Sensor network-based countersniper system",
  journal = "ACM Sensys",
  year = 2004
}

@misc{Meteonorm,
  title = "Meteonorm",
  note = "\url{http://www.meteotest.ch/pdf/am/mn_description.pdf}"
}

@misc{MicaZ,
  title = "MicaZ",
  note = "\url{http://www.xbow.com/Products/Product_pdf_files/Wireless_pdf/MICAz_Datasheet.pdf}"
}

@misc{Mica2,
  title = "Mica2",
  note = "\url{http://www.xbow.com/Products/Product_pdf_files/Wireless_pdf/MICA2_Datasheet.pdf}"
}

@misc{cc1000,
  title = "Chipcon CC1000.  Chipcon CC1000 Low Power Radio Transceiver.",
  note = "\url{http://www.chipcon.com}"
}

@misc{cc2420,
  title = "Chipcon CC24020.  CC2420 2.4 GHz IEEE 802.15.4/Zigbee-ready RF Transceiver.",
  note = "\url{http://www.chipcon.com}"
}


@article{SunlightModel,
  author = "Jaein Jeong", 
  title = "Mathematical Modeling of Solar Radiation",
  year = "2006",
  blind = 1,
}

@misc{Sunceram,
  title = "Panasonic Solar Cells Technical Handbook `98/99",
  note = "\url{http://downloads.solarbotics.com/PDF/sunceramcat.pdf}"
}

@misc{RU6730,
  title = "The RU6730 Photo Battery",
  note = "\url{http://rusolar.com/products.ru6730.html}"
}

@misc{SolarWorldFilm,
  title = "Power Film - Flexible Solar Panels",
  note = "\url{http://www.solar-world.com/PowerFilm.htm}"
}

@misc{SolarWorldHigh,
  title = "Solar Panels - High Efficiency",
  note = "\url{http://www.solar-world.com/SolarPanels.htm}"
}

@misc{ctp,
  title = "Collection Tree Protocol",
  note = "\url{http://www.tinyos.net/tinyos-2.x/doc/html/tep119.html}"
}

@article{diffusion,
 author    = {Suman Nath and
              Phillip B. Gibbons and
              Srinivasan Seshan and
      Zachary R. Anderson},
title     = {Synopsis diffusion for robust aggregation in sensor networks},
journal   = {TOSN},
volume    = {4},
number    = {2},
year      = {2008},
ee        = {http://doi.acm.org/10.1145/1340771.1340773},
bibsource = {DBLP, http://dblp.uni-trier.de}
}

@article{redwoods,
  author = "Gilman Tolle and Joseph Polastre and Robert Szewczyk and David Culler and Neil Turner and Kevin Tu and Stephen Burgess and Todd Dawson and Phil Buonadonna and David Gay and Wei Hong",
  title = "A Macroscope in the Redwoods",
  journal = "ACM Sensys",
  year = 2005,
}

@article{lites,
  author = "A. Arora and P. Dutta and S. Bapat and V. Kulathumani and H. Zhang and V. Naik and V. Mittal and H. Cao and M. Demirbas and M. Gouda and Y. Choi and T. Herman and S. Kulkarni and U. Arumugam and M. Nesterenko and A. Vora and M. Miyashita",
  title = "A Line in the Sand: A Wireless Sensor Network for Target Detection, Classification, and Tracking",
  journal = "Computer Networks", 
  volume = "46",
  number = 5,
  pages = "605--634",
  year = 2004,
}

@article{ARE+05,
  author = "Anish Arora and Rajiv Ramnath and Emre Ertin and Prasun Sinha and Sandip Bapat and Vinayak Naik and Vinod Kulathumani and Hongwei Zhang and Hui Cao and Mukundan Sridharan and Santosh Kumar and Nick Seddon and Chris Anderson and Nishank Trivedi and Chen Zhang and Mikhail Nesterenko and Romil Shah and Sandeep Kulkarni and Mahesh Aramugam and Limin Wang and Mohamed Gouda and Youngri Choi and David Culler and Prabal Dutta and Cory Sharp and Gilman Tolle and Mike Grimmer and Bill Ferriera and Ken Parker",
  title = "ExScal: Elements of an Extreme Scale Wireless Sensor Network",
  journal = "IEEE RTCSA",
  year = 2005,
}

@article{vigilnet,
  author = "Tian He and Sudha Krishnamurthy and Liqian Luo and Ting Yan and Lin Gu and Radu Stoleru and Gang Zhou and Qing Cao and Pascal Vicaire and John A. Stankovic and Tarek F. Abdelzaher and Jonathan Hui and Bruce Krogh",
  title = "VigilNet: An Integrated Sensor Network System for Energy-Efficient Surveillance", 
  journal = "ACM TOSN",
  year = 2005,
}

@article{RSF+04,
  author = "Shad Roundy and Dan Steingart and Luc Frechette and Paul Wright and Jan Rabaey",
  title = "Power Sources for Wireless Sensor Networks",
  journal = "IEEE EWSN",
  year = 2004,
}

@article{ROC+03,
  author = "Shad Roundy and Brian P. Otis and Yuen-Hui Chee and Jan M. Rabaey and Paul Wright",
  title = "A 1.9GHz RF Transmit Beacon using Environmentally Scavenged Energy",
  journal = "IEEE Int. Symposium on Low Power Elec. and Devices",
  year = 2003,
}

@article{DHJ+06,
  author = "Prabal Dutta and Jonathan Hui and Jaein Jeong and Sukun Kim and Cory Sharp and Jay Taneja and Gilman Tolle and Kamin Whitehouse and David Culler",
  title = "Trio: Enabling Sustainable and Scalable Outdoor Wireless Sensor Network Deployments",
  journal = "IEEE SPOTS",
  year = 2006,
}

@article{DSN,
  author = "David Chu and Arsalan Tavakoli and Lucian Popa and Joseph Hellerstein",
  title = "Entirely Declarative Sensor Network Systems",
  journal = "ACM VLDB",
  year = 2006
}

@article{nestfe,
  author = "Prabal Dutta and Jonathan Hui and Jaein Jeong and Sukun Kim and Cory Sharp and Jay Taneja and Gilman Tolle and Kamin Whitehouse and David Culler",
  title = "Trio: Enabling Sustainable and Scalable Outdoor Wireless Sensor Network Deployments",
  journal = "IEEE SPOTS",
  year = 2006,
}

@article{SPOT,
  author = "Xiaofan Jiang and Prabal Dutta and David Culler and Ion Stoica",
  title = "Micro Power Meter for Energy Monitoring of Wireless Sensor Networks at Scale",
  journal = "In submission",
}

@article{hotOSlowering,
  author = "David Culler and Prabal Dutta and Cheng Tien Eee and Rodrigo Fonseca and Jonathan Hui and Philip Levis and Joseph Polastre and Scott Shenker and Ion Stoica and Gilman Tolle and and Jerry Zhao",
  title = "Towards a Sensor Network Architecture: Lowering the Waistline",
  journal = "USENIX HotOS",
  year = 2005
}

@inproceedings{zhao,
author    = {Jerry Zhao and
	 Ramesh Govindan},
title     = {Understanding packet delivery performance in dense wireless
	   sensor networks},
booktitle = {SenSys},
year      = {2003},
pages     = {1-13},
ee        = {http://doi.acm.org/10.1145/958491.958493},
crossref  = {DBLP:conf/sensys/2003},
bibsource = {DBLP, http://dblp.uni-trier.de}
}



@article{polastreSP,
  author = "Joseph Polastre and Jonathan Hui and Philip Levis and Jerry Zhao and David Culler and Scott Shenker and Ion Stoica",
  title = "A Unifying Link Abstraction for Wireless Sensor Networks",
  journal = "ACM Sensys",
  year = 2005
}

@article{enhancedSP,
  author = "Arsalan Tavakoli and Jay Taneja and Prabal Dutta and David Culler and Scott Shenker and Ion Stoica",
  title = "Evaluation and Enhancement of a Unifying Link Abstraction for Sensornets",
  journal = "In submission",
}

@article{telos, 
  author = "Joseph Polastre and Robert Szewczyk and David Culler",
  title = "Telos: Enabling Ultra-Low Power Wireless Research",
  journal = "IEEE SPOTS",
  year = 2005,
}

@article{SCV+06,
  author = "Pavan Sikka and Peter Corke and Philip Valencia and Christopher Crossman and Dave Swain and Greg Bishop-Hurley",
  title = "Wireless Adhoc Sensor and Actuator Networks on the Farm",
  journal = "IEEE SPOTS",
  year = 2006,
}

@article{SC06,
  author = "Farhan Simjee and Pai H. Chou",
  title = "Everlast: Long-life, Supercapacitor-operated Wireless Sensor Node",
  journal = "ISLPED",
  year = 2006,
}

@article{Rou03,
  author = "Shad J. Roundy",
  title = "Energy Scavenging for Wireless Sensor Nodes with a Focus on Vibration to Electricity Conversion",
  journal = "Ph.D Thesis, University of California at Berkeley",
  year = 2003,
}

@article{SR98,
  author = "Suresh Singh and C. S. Raghavendra",
  title = "PAMAS - Power Aware Multi-Access protocol with Signalling for Ad Hoc Networks",
  journal = "ACM SIGCOMM",
  year = 1998,
} 

@article{YHE02,
  author = "Wei Ye and John Heidemann and Deborah Estrin",
  title = "An Energy-Efficient MAC Protocol for Wireless Sensor Networks",
  journal = "IEEE INFOCOM",
  year = 2002,
}

@article{HCB00,
  author = "Wendi Rabiner Heinzelman and Anatha Chandrakasan and Hari Balakrishnan",
  title = "Energy-efficient communication protocols for wireless microsensor networks",
  journal = "Proceedings of the Hawaii International Conference on Systems Science",
  year = 2000,
}

@article{vDL03,
  author = "Tijs van Dam and Koen Langendoen",
  title = "An Adaptive Energy-Efficient MAC Protocol for Wireless Sensor Networks",
  journal = "ACM Sensys",
  year = 2003,
}

@article{PHC04,
  author = "Joseph Polastre and Jason Hill and David Culler",
  title = "Versatile Low Power Media Access for Wireless Sensor Networks",
  journal = "ACM Sensys",
  year = 2004,
}

@article{PSC05, 
  author = "Joseph Polastre and Robert Szewczyk and David Culler",
  title = "Telos: Enabling Ultra-Low Power Wireless Research",
  journal = "IEEE SPOTS",
  year = 2005,
}

@article{RWAM05,
  author = "Injong Rhee and Ajit Warrier and Mahesh Aia and Jeongki Min",
  title = "Z-MAC: a Hybrid MAC for Wireless Sensor Networks",
  journal = "ACM Sensys",
  year = 2005,
}

@article{HDB04,
  author = "Barbara Hohlt and Lance Doherty and Eric Brewer",
  title = "Flexible Power Scheduling for Sensor Networks",
  journal = "IEEE IPSN",
  year = 2004,
}

@article{BSE06,
  author = "Rebecca Braynard and Adam Silberstein and Carla Ellis",
  title = "Extending Network Lifetime Using an Automatically Tuned Energy-Aware MAC Protocol",
  journal = "IEEE EWSN",
  year = 2006,
}

